@ARTICLE{MURA2017,
   author = {{Rajpurkar}, P. and {Irvin}, J. and {Bagul}, A. and {Ding}, D. and 
	{Duan}, T. and {Mehta}, H. and {Yang}, B. and {Zhu}, K. and 
	{Laird}, D. and {Ball}, R.~L. and {Langlotz}, C. and {Shpanskaya}, K. and 
	{Lungren}, M.~P. and {Ng}, A.~Y.},
    title = "{MURA: Large Dataset for Abnormality Detection in Musculoskeletal Radiographs}",
  journal = {ArXiv e-prints},
archivePrefix = "arXiv",
   eprint = {1712.06957},
 primaryClass = "physics.med-ph",
 keywords = {Physics - Medical Physics, Computer Science - Artificial Intelligence},
     year = 2017,
    month = dec,
   adsurl = {http://adsabs.harvard.edu/abs/2017arXiv171206957R},
  adsnote = {Provided by the SAO/NASA Astrophysics Data System}
}

@misc{wiki:simple_ann,
    title = "Artificial neural network",
    year = "2018",
    howpublished = "\url{https://en.wikipedia.org/wiki/Artificial_neural_network}",
    note = "[Online; accessed 5-August-2018]"
}

@article{glorot_uniform,
author = {Bengio, Y and Glorot, X},
year = 2010,
month = Jan,
pages = {249-256},
title = {Understanding the difficulty of training deep feed forward neural networks},
journal = {International Conference on Artificial Intelligence and Statistics}
}

@misc{keras_source_glorot_uniform,
  title = {Tensorflow},
  year = {2018},
  publisher = {GitHub},
  journal = {GitHub repository},
  howpublished = {\url{https://github.com/tensorflow/tensorflow/blob/master/tensorflow/python/ops/init_ops.py}},
  note = "Commit: 0771f37 [Online; accessed 9-August-2018]"
}


@article{dropout_paper,
  author  = {Nitish Srivastava and Geoffrey Hinton and Alex Krizhevsky and Ilya Sutskever and Ruslan Salakhutdinov},
  title   = {Dropout: A Simple Way to Prevent Neural Networks from Overfitting},
  journal = {Journal of Machine Learning Research},
  year    = {2014},
  volume  = {15},
  pages   = {1929-1958},
  url     = {http://jmlr.org/papers/v15/srivastava14a.html}
}


@article{cohens_kappa,
author = {Jacob Cohen},
title ={A Coefficient of Agreement for Nominal Scales},
journal = {Educational and Psychological Measurement},
volume = {20},
number = {1},
pages = {37-46},
year = {1960},
doi = {10.1177/001316446002000104},
URL = {https://doi.org/10.1177/001316446002000104},
}


@misc{wiki:ROC_Curve,
    title = "Receiver operating characteristic",
    year = "2018",
    howpublished = "\url{https://en.wikipedia.org/wiki/Receiver_operating_characteristic}",
    note = "[Online; accessed 12-August-2018]"
}


@article{ILSVRC,
Author = {Olga Russakovsky and Jia Deng and Hao Su and Jonathan Krause and Sanjeev Satheesh and Sean Ma and Zhiheng Huang and Andrej Karpathy and Aditya Khosla and Michael Bernstein and Alexander C. Berg and Li Fei-Fei},
Title = {{ImageNet Large Scale Visual Recognition Challenge}},
Year = {2015},
journal   = {International Journal of Computer Vision (IJCV)},
doi = {10.1007/s11263-015-0816-y},
volume={115},
number={3},
pages={211-252}
}

@inproceedings{imagenet,
AUTHOR = {Deng, J. and Dong, W. and Socher, R. and Li, L.-J. and Li, K. and Fei-Fei, L.},
TITLE = {ImageNet: A Large-Scale Hierarchical Image Database},
BOOKTITLE = {CVPR09},
YEAR = {2009},
BIBSOURCE = "http://www.image-net.org/papers/imagenet_cvpr09.bib"
}

@misc{ILSVRC_Classification_Top5,
    author = {Marco Jacobs},
    title = "Deep learning in five and a half minutes",
    year = "2018",
    howpublished = "\url{http://www.videantis.com/deep-learning-in-five-and-a-half-minutes.html}",
    note = "[Online; accessed 13-August-2018]"
}


@ARTICLE{VGG_Paper,
   author = {{Simonyan}, K. and {Zisserman}, A.},
    title = "{Very Deep Convolutional Networks for Large-Scale Image Recognition}",
  journal = {ArXiv e-prints},
archivePrefix = "arXiv",
   eprint = {1409.1556},
 primaryClass = "cs.CV",
 keywords = {Computer Science - Computer Vision and Pattern Recognition},
     year = 2014,
    month = sep,
   adsurl = {http://adsabs.harvard.edu/abs/2014arXiv1409.1556S},
  adsnote = {Provided by the SAO/NASA Astrophysics Data System}
}

@ARTICLE{GoogLeNet_Paper,
   author = {{Szegedy}, C. and {Liu}, W. and {Jia}, Y. and {Sermanet}, P. and 
	{Reed}, S. and {Anguelov}, D. and {Erhan}, D. and {Vanhoucke}, V. and 
	{Rabinovich}, A.},
    title = "{Going Deeper with Convolutions}",
  journal = {ArXiv e-prints},
archivePrefix = "arXiv",
   eprint = {1409.4842},
 primaryClass = "cs.CV",
 keywords = {Computer Science - Computer Vision and Pattern Recognition},
     year = 2014,
    month = sep,
   adsurl = {http://adsabs.harvard.edu/abs/2014arXiv1409.4842S},
  adsnote = {Provided by the SAO/NASA Astrophysics Data System}
}

@ARTICLE{ResNet_Paper,
   author = {{He}, K. and {Zhang}, X. and {Ren}, S. and {Sun}, J.},
    title = "{Deep Residual Learning for Image Recognition}",
  journal = {ArXiv e-prints},
archivePrefix = "arXiv",
   eprint = {1512.03385},
 primaryClass = "cs.CV",
 keywords = {Computer Science - Computer Vision and Pattern Recognition},
     year = 2015,
    month = dec,
   adsurl = {http://adsabs.harvard.edu/abs/2015arXiv151203385H},
  adsnote = {Provided by the SAO/NASA Astrophysics Data System}
}

@ARTICLE{BatchNorm_Paper,
   author = {{Ioffe}, S. and {Szegedy}, C.},
    title = "{Batch Normalization: Accelerating Deep Network Training by Reducing Internal Covariate Shift}",
  journal = {ArXiv e-prints},
archivePrefix = "arXiv",
   eprint = {1502.03167},
 primaryClass = "cs.LG",
 keywords = {Computer Science - Learning},
     year = 2015,
    month = feb,
   adsurl = {http://adsabs.harvard.edu/abs/2015arXiv150203167I},
  adsnote = {Provided by the SAO/NASA Astrophysics Data System}
}


@misc{keras_docs_batch_norm,
  title = {Keras Documentation},
  year = {2018},
  publisher = {Keras},
  howpublished = {\url{https://keras.io/layers/normalization/}},
  note = "[Online; accessed 17-August-2018]"
}

@ARTICLE{GoogLeNet_v4_Paper,
   author = {{Szegedy}, C. and {Ioffe}, S. and {Vanhoucke}, V. and {Alemi}, A.
	},
    title = "{Inception-v4, Inception-ResNet and the Impact of Residual Connections on Learning}",
  journal = {ArXiv e-prints},
archivePrefix = "arXiv",
   eprint = {1602.07261},
 primaryClass = "cs.CV",
 keywords = {Computer Science - Computer Vision and Pattern Recognition},
     year = 2016,
    month = feb,
   adsurl = {http://adsabs.harvard.edu/abs/2016arXiv160207261S},
  adsnote = {Provided by the SAO/NASA Astrophysics Data System}
}

@ARTICLE{GoogLeNet_v3_Paper,
   author = {{Szegedy}, C. and {Vanhoucke}, V. and {Ioffe}, S. and {Shlens}, J. and 
	{Wojna}, Z.},
    title = "{Rethinking the Inception Architecture for Computer Vision}",
  journal = {ArXiv e-prints},
archivePrefix = "arXiv",
   eprint = {1512.00567},
 primaryClass = "cs.CV",
 keywords = {Computer Science - Computer Vision and Pattern Recognition},
     year = 2015,
    month = dec,
   adsurl = {http://adsabs.harvard.edu/abs/2015arXiv151200567S},
  adsnote = {Provided by the SAO/NASA Astrophysics Data System}
}

@misc{wiki:bilinear_interpolation,
    title = "Bilinear Interpolation",
    year = "2018",
    howpublished = "\url{https://en.wikipedia.org/wiki/Bilinear_interpolation}",
    note = "[Online; accessed 20-August-2018]"
}


@ARTICLE{DenseNet_Paper,
   author = {{Huang}, G. and {Liu}, Z. and {van der Maaten}, L. and {Weinberger}, K.~Q.
	},
    title = "{Densely Connected Convolutional Networks}",
  journal = {ArXiv e-prints},
archivePrefix = "arXiv",
   eprint = {1608.06993},
 primaryClass = "cs.CV",
 keywords = {Computer Science - Computer Vision and Pattern Recognition, Computer Science - Learning},
     year = 2016,
    month = aug,
   adsurl = {http://adsabs.harvard.edu/abs/2016arXiv160806993H},
  adsnote = {Provided by the SAO/NASA Astrophysics Data System}
}


@article{ChestXray-14,
author = {Wang, Xiaosong and Peng, Yifan and Lu, Le and Lu, Zhiyong and Bagheri, Mohammadhadi and Summers, Ronald},
year = {2017},
month = {09},
pages = {},
title = {ChestX-ray14: Hospital-scale Chest X-ray Database and Benchmarks on Weakly-Supervised Classification and Localization of Common Thorax Diseases}
}

@misc{Oakden-Rayner-Commentary,
    author = "Luke Oakden-Rayner",
    title = "Exploring the ChestXray14 dataset: problems",
    year = "2017",
    howpublished = "\url{https://lukeoakdenrayner.wordpress.com/2017/12/18/the-chestxray14-dataset-problems/}",
    note = "[Online; accessed 29-August-2018]"
}

@misc{MURA_Webpage,
    title = "Bone X-Ray Deep Learning Competition",
    year = "2018",
    howpublished = "\url{https://stanfordmlgroup.github.io/competitions/mura/}",
    note = "[Online; accessed 30-August-2018]"
}



@misc{VGG16_Webpage,
    author = "Francois Chollet",
    title = "Building powerful image classification models using very little data",
    year = "2016",
    howpublished = "\url{https://blog.keras.io/building-powerful-image-classification-models-using-very-little-data.html}",
    note = "[Online; accessed 30-August-2018]"
}




@misc{IRNV2_Webpage,
    author = "Alex Alemi",
    title = "Improving Inception and Image Classification in TensorFlow",
    year = "2016",
    howpublished = "\url{https://ai.googleblog.com/2016/08/improving-inception-and-image.html}",
    note = "[Online; accessed 30-August-2018]"
}